@INPROCEEDINGS{zhang:2011,

author={Zhengwu Zhang and Klassen, E. and Srivastava, A. and Turaga, P. and Chellappa, R.},
booktitle={IEEE International Conference on Computer Vision (ICCV) 2011},
title={Blurring-{I}nvariant {R}iemannian {M}etrics for {C}omparing {S}ignals and {I}mages},
year={2011},
month={Nov. },
volume={},
number={},
pages={1770-1775},
keywords={},
doi={10.1109/ICCV.2011.6126442},
ISSN={1550-5499},}
%
%
@ARTICLE{turaga:2011,
author={Turaga, P. and Veeraraghavan, A. and Srivastava, A. and Chellappa, R.},
journal={IEEE Transactions on Pattern Analysis and Machine Intelligence},
title={Statistical {C}omputations on {G}rassmann and {S}tiefel {M}anifolds for {I}mage and {V}ideo-{B}ased {R}ecognition},
year={2011},
month={Nov. },
volume={33},
number={11},
pages={2273-2286},
keywords={},
doi={10.1109/TPAMI.2011.52},
ISSN={0162-8828},}
%
%
