@inproceedings{fergus2006removing,
  title={Removing camera shake from a single photograph},
  author={Fergus, Rob and Singh, Barun and Hertzmann, Aaron and Roweis, Sam T and Freeman, William T},
  booktitle={ACM Transactions on Graphics (TOG)},
  volume={25},
  number={3},
  pages={787--794},
  year={2006},
  organization={ACM}
}

@inproceedings{wang2009robust,
  title={Robust inter-scale non-blind image motion deblurring},
  author={Wang, Chao and Sun, LiFeng and Chen, ZhuoYuan and Yang, ShiQiang and Zhang, JianWei},
  booktitle={Image Processing (ICIP), 2009 16th IEEE International Conference on},
  pages={149--152},
  year={2009},
  organization={IEEE}
}

@article{joshi2010image,
  title={Image deblurring using inertial measurement sensors},
  author={Joshi, Neel and Kang, Sing Bing and Zitnick, C Lawrence and Szeliski, Richard},
  journal={ACM Transactions on Graphics (TOG)},
  volume={29},
  number={4},
  pages={30},
  year={2010},
  publisher={ACM}
}

@article{vsindelavr2013image,
  title={Image deblurring in smartphone devices using built-in inertial measurement sensors},
  author={{\v{S}}indel{\'a}{\v{r}}, Ond{\v{r}}ej and {\v{S}}roubek, Filip},
  journal={Journal of Electronic Imaging},
  volume={22},
  number={1},
  pages={011003--011003},
  year={2013},
  publisher={International Society for Optics and Photonics}
}

@inproceedings{paramanand2010unscented,
  title={Unscented transformation for depth from motion-blur in videos},
  author={Paramanand, C and Rajagopalan, AN},
  booktitle={Computer Vision and Pattern Recognition Workshops (CVPRW), 2010 IEEE Computer Society Conference on},
  pages={38--44},
  year={2010},
  organization={IEEE}
}

@inproceedings{bioucas2006total,
  title={Total variation-based image deconvolution: a majorization-minimization approach},
  author={Bioucas-Dias, Jose M and Figueiredo, Mario AT and Oliveira, Joao P},
  booktitle={Acoustics, Speech and Signal Processing, 2006. ICASSP 2006 Proceedings. 2006 IEEE International Conference on},
  volume={2},
  pages={II--II},
  year={2006},
  organization={IEEE}
}

@article{sroubek2012robust,
  title={Robust multichannel blind deconvolution via fast alternating minimization},
  author={Sroubek, Filip and Milanfar, Peyman},
  journal={Image Processing, IEEE Transactions on},
  volume={21},
  number={4},
  pages={1687--1700},
  year={2012},
  publisher={IEEE}
}

@inproceedings{bae2013accurate,
  title={Accurate motion deblurring using camera motion tracking and scene depth.},
  author={Bae, Hyeoungho and Fowlkes, Charless C and Chou, Pai H},
  booktitle={WACV},
  pages={148--153},
  year={2013}
}

@inproceedings{xiao2006camera,
  title={Camera-motion and effective spatial resolution},
  author={Xiao, Feng and Silverstein, Amnon and Farrell, Joyce},
  booktitle={International Congress of Imaging Science, Rochester, NY},
  pages={33--36},
  year={2006}
}

@inproceedings{jung2001camera,
  title={Camera trajectory estimation using inertial sensor measurements and structure from motion results},
  author={Jung, Sang-Hack and Taylor, Camillo J},
  booktitle={Computer Vision and Pattern Recognition, 2001. CVPR 2001. Proceedings of the 2001 IEEE Computer Society Conference on},
  volume={2},
  pages={II--732},
  year={2001},
  organization={IEEE}
}

@inproceedings{subbarao1988depth,
  title={Depth recovery from blurred edges},
  author={Subbarao, Muralidhara and Gurumoorthy, Natarajan},
  booktitle={Computer Vision and Pattern Recognition, 1988. Proceedings CVPR'88., Computer Society Conference on},
  pages={498--503},
  year={1988},
  organization={IEEE}
}

@PhdThesis{Steffan,
  author =       {Steffen Losch},
  title =        {Depth from Blur: Combining Image Deblurring and Depth Estimation},
  school =       {Department of Computer Science, Saarland University},
  year =         2009,
  address =      {Saarbrücken, Germany},
  month =        {July}
}

@article{reddyexternal,
  title={External mask based depth and light field camera},
  author={Reddy, Dikpal and Bai, Jiamin and Ramamoorthi, Ravi}
}

@phdthesis{vandewalle2006super,
  title={Super-resolution from unregistered aliased images},
  author={Vandewalle, Patrick},
  year={2006},
  school={Ecole Polytechnique F{\'e}d{\'e}rale de Lausanne}
}

@inproceedings{krishnan2009fast,
  title={Fast Image Deconvolution using Hyper-Laplacian Priors.},
  author={Krishnan, Dilip and Fergus, Rob},
  booktitle={NIPS},
  volume={22},
  pages={1--9},
  year={2009}
}

@article{pertuz2013analysis,
  title={Analysis of focus measure operators for shape-from-focus},
  author={Pertuz, Said and Puig, Domenec and Garcia, Miguel Angel},
  journal={Pattern Recognition},
  volume={46},
  number={5},
  pages={1415--1432},
  year={2013},
  publisher={Elsevier}
}

@article{freeman1991design,
  title={The design and use of steerable filters},
  author={Freeman, William T. and Adelson, Edward H},
  journal={IEEE Transactions on Pattern analysis and machine intelligence},
  volume={13},
  number={9},
  pages={891--906},
  year={1991},
  publisher={IEEE Computer Society}
}

@incollection{jin2002variational,
  title={A variational approach to shape from defocus},
  author={Jin, Hailin and Favaro, Paolo},
  booktitle={Computer Vision—ECCV 2002},
  pages={18--30},
  year={2002},
  publisher={Springer}
}

@article{keller2011video,
  title={Video super-resolution using simultaneous motion and intensity calculations},
  author={Keller, Sune H{\o}gild and Lauze, Fran{\c{c}}ois and Nielsen, Mads},
  journal={Image Processing, IEEE Transactions on},
  volume={20},
  number={7},
  pages={1870--1884},
  year={2011},
  publisher={IEEE}
}

@incollection{oliveira2007blind,
  title={Blind estimation of motion blur parameters for image deconvolution},
  author={Oliveira, Jo{\~a}o P and Figueiredo, M{\'a}rio AT and Bioucas-Dias, Jos{\'e} M},
  booktitle={Pattern Recognition and Image Analysis},
  pages={604--611},
  year={2007},
  publisher={Springer}
}

@incollection{gupta2010single,
  title={Single image deblurring using motion density functions},
  author={Gupta, Ankit and Joshi, Neel and Zitnick, C Lawrence and Cohen, Michael and Curless, Brian},
  booktitle={Computer Vision--ECCV 2010},
  pages={171--184},
  year={2010},
  publisher={Springer}
}

@article{money2006total,
  title={Total variation semi-blind deconvolution using shock filters},
  author={Money, James H and Kang, Sung Ha},
  journal={submitted to Image and Vision Computing},
  year={2006}
}

@inproceedings{portilla1997efficient,
  title={Efficient method for space-variant low-pass filtering},
  author={Portilla, Javier and Navarro, Rafael},
  booktitle={VII National Symposium on Pattern Recognition and Image Analysis},
  volume={1},
  pages={287--292},
  year={1997}
}

@article{levin2007deconvolution,
  title={Deconvolution using natural image priors},
  author={Levin, Anat and Fergus, Rob and Durand, Fr{\'e}do and Freeman, William T},
  journal={ACM Transactions on Graphics (TOG)},
  volume={26},
  number={3},
  pages={0--2},
  year={2007}
}

@article{longrichardson,
  title={Richardson-Lucy Deblurring for Scenes under Projective Motion Path},
  author={Long, Yu-Wing Tai Ping Tan and Brown, Gao Michael S}
}

@article{chan1998total,
  title={Total variation blind deconvolution},
  author={Chan, Tony F and Wong, Chiu-Kwong},
  journal={Image Processing, IEEE Transactions on},
  volume={7},
  number={3},
  pages={370--375},
  year={1998},
  publisher={IEEE}
}

@inproceedings{xiong1993depth,
  title={Depth from focusing and defocusing},
  author={Xiong, Yalin and Shafer, Steven A},
  booktitle={Computer Vision and Pattern Recognition, 1993. Proceedings CVPR'93., 1993 IEEE Computer Society Conference on},
  pages={68--73},
  year={1993},
  organization={IEEE}
}

@incollection{xu2010two,
  title={Two-phase kernel estimation for robust motion deblurring},
  author={Xu, Li and Jia, Jiaya},
  booktitle={Computer Vision--ECCV 2010},
  pages={157--170},
  year={2010},
  publisher={Springer}
}

% Optional fields: editor, volume/number, series, pages, address, month, organization, publisher, note
@INPROCEEDINGS{abhijith2014,
  author = {Abhijith Punnappurath, A. N. Rajagopalan, Guna Seetharaman},
  title = {Blind restoration of aerial imagery degraded by spatially varying motion blur},
  booktitle = {Society of Photographic Instrumentation Engineers, 2014. Proceedings SPIE'14},
  year = {2014}
}